@article{Sinquin2021,
author = {Sinquin, Brian and Romanelli, Marco and Bouhier, Steve and Frein, Ludovic and Alouini, Mehdi and Vallet, Marc},
file = {:C\:/Users/Brian Sinquin/Desktop/document.pdf:pdf},
keywords = {category,delayed feedback,directly modulated,laser,microwave generation,optical waveguides and components,optoelectronic oscillator,phase noise},
title = {{Low Phase Noise Direct-Modulation Optoelectronic Oscillator}},
year = {2021}
}
